@Article{challenge,
  title = 	 {Learning to discover: the Higgs boson machine learning challenge},
  year = 	 2014,
}